<?xml version="1.0" encoding="UTF-8"?><collection xmlns="http://www.loc.gov/MARC21/slim"><record><leader>00550nam--2200181-i-4500</leader><controlfield tag="001">000016283</controlfield><controlfield tag="002">20161230</controlfield><controlfield tag="005">20161230201031</controlfield><controlfield tag="008">060222s1000------------r-----000-0-fre-d</controlfield><datafield ind1=" " ind2=" " tag="040"><subfield code="a">IFIN-HH</subfield></datafield><datafield ind1=" " ind2=" " tag="041"><subfield code="a">fre</subfield></datafield><datafield ind1=" " ind2=" " tag="080"><subfield code="a">537.63(043)</subfield></datafield><datafield ind1="1" ind2=" " tag="100"><subfield code="a">Cottereau, Marie-joseph</subfield></datafield><datafield ind1="1" ind2="0" tag="245"><subfield code="a">Conductivite electrique. transverse a un champ magnetique de plasmas d air et d azote, ionises par choc</subfield><subfield code="b">These</subfield><subfield code="c">Marie-joseph cottereau</subfield></datafield><datafield ind1=" " ind2=" " tag="260"><subfield code="a">Rouen, , 1970</subfield><subfield code="b">Universite</subfield><subfield code="c">1970</subfield></datafield><datafield ind1=" " ind2=" " tag="300"><subfield code="a">144P</subfield></datafield><datafield ind1=" " ind2=" " tag="852"><subfield code="a">78050</subfield><subfield code="c">537:538</subfield></datafield><datafield ind1=" " ind2=" " tag="CAT"><subfield code="a">Sys</subfield><subfield code="c">20110629</subfield><subfield code="h">164326</subfield></datafield></record></collection>